@inproceedings{koepckeICFP2019,
  author    = {Bastian K{\"{o}}pcke and
               Michel Steuwer and
               Sergei Gorlatch},
  title     = {Generating Efficient {FFT} {GPU} Code with Lift},
  booktitle = {Proceedings of the 8th {ACM} {SIGPLAN} International Workshop on Functional
               High-Performance and Numerical Computing, FHPNC@ICFP 2019, Berlin,
               Germany, August 18, 2019},
  pages     = {1--13},
  year      = {2019}
}

@inproceedings{koepckeHLPP2019,
    author = {Bastian K{\"{o}}pcke and
               Michel Steuwer and
               Sergei Gorlatch},
    title = {Generating Efficient {FFT} Code for {GPU} from High-Level, Pattern-Based Abstractions},
    booktitle = {Informal Proceedings of HLPP '19},
    pages = {},
    year = {2019}
}

@inproceedings{stahlhigh,
 title={High Quality Information Delivery: Demonstrating the Web in Your Pocket for Cineast Tourists},
 author={Stahl, Florian and Godde, Adrian and Hagedorn, Bastian and K{\"o}pcke, Bastian and Rehberger, Martin and Vossen, Gottfried},
 booktitle={Proceedings of the BTW 2015},
 pages={667--670},
 year={2015},
}

@incollection{stahl2014implementing,
 title={Implementing the {W}i{P}o architecture},
 author={Stahl, Florian and Godde, Adrian and Hagedorn, Bastian and K{\"o}pcke, Bastian and Rehberger, Martin and Vossen, Gottfried},
 booktitle={E-Commerce and Web Technologies},
 pages={1--12},
 year={2014},
 publisher={Springer}
}
